@article{oanh:1995,
	author = {Nguyen Thi Kim Oanh and Bengt Erik Bengtsson},
	title = {Toxicity to Microtox, micro-algae and duckweed of effluents from the Bai Bang paper company (BAPACO), a vietnamese bleached kraft pulp and paper mill},
	journal = {Environmental Pollution},
	year = {2004},
}

@article{morris:2001,
	author = {K. Morris and K. Catterall and H. Zhao and N. Pasco and R. John},
	title = {Ferricyanide mediated biochemical oxygen demand - development of a rapid biochemical oxygen demand assay},
	journal = {Analytica Chimica Acta},
	year = {2001},
}

@article{tizzard:2004,
	author = {A. Tizzard and J. Webber and R. Gooneratne and R. John and J. Hay and N. Pasco},
	title = {MICREDOX: application for rapid biotoxicity assessment},
	journal = {Analytica Chimica Acta},
	year = {2004},
}

@article{janasek:2006,
	author = {Dirk Janasek and Joachim Franzke  and Andreas Manz},
	title = {Scaling and the design of miniaturized chemical-analysis systems},
	journal = {Nature},
	year = {2006},
}

@article{whitesides:2006,
	author = {George M. Whitesides},
	title = {The origins and the future of microfluidics},
	journal = {Nature},
	year = {2006},
}

@article{liu:2009,
	author = {Chang Liu and Ting Sun and Xiaolong Xu and Shaojun Dong},
	title = {Direct toxicity assessment of toxic chemicals with electrocheical method},
	journal = {Analytica Chimica Acta},
	year = {2009},
}

@article{catterall:2010,
	author = {Kylie Catterall and David Robertson and Peter R. Teasdale and David T. Welsh and Richard John},
	title = {Evaluating use of ferricyanide-mediated respiration bioassays to quantify stimulatory and inhibitory effects on \textit{Escherichia coli} populations},
	journal = {Talanta},
	year = {2010},
}

@article{li:2013,
	author = {Jiuming Li and Yuang Yu and Yuning Wang and Jun Qian and Jinfang Zhi},
	title = {The benzoquinone-mediated electrochemical microbial biosensor for water biotoxicity assay},
	journal = {Electrochimica Acta},
	year = {2013},
}

@article{yip:2014,
	author = {Nga Chi Yip and Frankie J. Rawson and Chi Wai Tsang and Paula M. Mendes},
	title = {Real-time electrocatalytic sensing of cellular respiration},
	journal = {Biosensors and Bioelectronics},
	year = {2014},
}

@article{sanahuja:2015,
	author = {David Sanahuja and Pablo Giménez-Gómez and Núria Vigués and Tobias Nils Ackermann and Alfons Eduard Guerrero-Navarro and Ferran Pujol-Vila and Jordi Sacristán and Nidia Santamaria and María Sánchez-Contreras and María Díaz-González and Jordi Mas and Xavier Muñoz-Berbel},
	title = {Microbial trench-based optofluidic system for reagentless determination of phenolic compounds},
	journal = {Lab Chip},
	year = {2015},
}

@article{pujol:2016,
	author = {Ferran Pujol-Vila and Pablo Giménez-Gómez and Nidia Santamaria and Bernat Antúnez and Núria Vigués and María Díaz-González and Cecília Jiménez-Jorquera and Jordi Mas and Jordi Sacristán and Xavier Muñoz-Berbel},
	title = {Portable and miniaturized optofluidic analysis system with ambient light correction for fast in situ determination of environmental pollution},
	journal = {Sensors and Actuators B},
	year = {2016},
}

@book{kendall:2007,
	author = {Kendall Su},
	title = {Analog filters},
	year = {2007},
}

@thesis{sirio:2015,
	author = {Sirio Beneitez},
	title = {Disseny d'un espectrofotòmetre portàtil per a la detecció d'agents contaminants},
	type = {Projecte Final de Grau},
	institution = {IMB-CNM},
	year = {2015},
}

@thesis{carles:2017,
	author = {Carles Estrada},
	title = {Afinament d’un espectrofotòmetre portàtil per a la detecció d’agents contaminants},
	type = {Pràctiques Externes},
	institution = {IMB-CNM},
	year = {2017},
}